@Book{baumann_00,
        author = {Rüdeger Baumann},
        title = {Didaktik der Informatik},
        publisher = {Springer},
        year = {2000},
        edition = {2}
}
@Book{powazek_02,
	author = {Derek M. Powazek},
	title = {Design for Community},
	publisher = {New Riders},
	year = {2002}
}
@Book{vogel_99,
        author = {Harald Vogel},
        title = {3D Studio MAX R2.0 & 2.5},
        publisher = {bhv},
        year = {1999},
        edition = {1}
}

@Book{bergsten_01,
        author = {Hans Bergsten},
        editor = {Jörg Staudemeyer},
        title = {Java Server Pages},
        publisher = {O'Reilly},
        year = {2001},
        edition = {1}
}

@Book{stroustrup_94,
        author = {Bjarne Stroustrup},
        title = {Design und Entwicklung von C++},
        publisher = {Addison-Wesley},
        year = {1994}
}

@Book{flanagan_98,
        author = {David Flanagan},
        title = {JavaScript - kurz & gut},
        publisher = {O'Reilly},
        year = {1998},
        edition = {1}
}

@Book{raines_tranter_99,
        author = {Paul Raines and Jeff Tranter},
        title = {TCL/TK in a nutshell},
        publisher = {O'Reilly},
        year = {1999},
        edition = {1}
}

@Book{fleischhauer_97,
        author = {Dr. Christian Fleischhauer},
        title = {Das große Buch: Visual C++ 5},
        publisher = {Data Becker},
        year = {1997},
        edition = {1}
}

@Book{ammann_97,
        author = {Eckhard Ammann},
        title = {Programmierung animierter Welten},
        publisher = {International Thomson},
        year = {1997},
        edition = {1}
}

@Book{hennig_97,
        author = {Alexander Hennig},
        title = {Die andere Wirklichkeit},
        publisher = {Addison-Wesley Longman},
        year = {1997},
        edition = {1}
}

@Book{ullenboom_00,
  author =	 {Christian Ullenboom},
  title = 	 {Java ist auch eine Insel},
  publisher = 	 {},
  year = 	 {2000},

}

@Article{dewanto_01,
  author = 	 {Lofi Dewanto},
  title = 	 {Bildung braucht das Land},
  journal = 	 {Java Magazin},
  year = 	 {2001},
  pages = 	 {12},
  month = 	 {1}
}

@Article{poeschmann_01,
  author = 	 {Thomas Poeschmann},
  title = 	 {Das Ende von Swing?},
  journal = 	 {Java Magazin},
  year = 	 {2001},
  pages = 	 {33},
  month = 	 {1}
}

@MastersThesis{renning_03,
        author = {Denis Renning},
        title = {Teaching by Chat},
        school = {University of Applied Sciences Berlin},
        year = {2003}
}

@MastersThesis{kunze_02,
        author = {Tobias Kunze},
        title = {User Interface Design and Implementation for an Open Learning Repository},
        school = {University of Hannover},
        year = {2002}
}


@Book{kopka_96,
  author = 	 {Helmut Kopka},
  title = 	 {\LaTeX-Einf{\"u}hrung (Band~1)},
  publisher = 	 {Addison-Wesley},
  year = 	 1996,
  edition =	 2,
}

@Book{kopka_96b,
  author = 	 {Helmut Kopka},
  title = 	 {\LaTeX-Erweiterungen (Band~3)},
  publisher = 	 {Addison-Wesley},
  year = 	 1996,
  edition =	 2,
}

@Book{kopka_95,
  author = 	 {Helmut Kopka},
  title = 	 {\LaTeX-Erg{\"a}nzungen -- Mit einer
		  Einf{\"u}hrung in \uppercase{\sffamily METAFONT} (Band~2)},
  publisher = 	 {Addison-Wesley},
  year = 	 1995,
}


@Book{lamport_94,
  author = 	 {Leslie Lamport},
  title = 	 {\LaTeX{} -- A Document Preparation System},
  publisher = 	 {Addison-Wesley},
  year = 	 1994,
  edition =	 2,
}

@Book{goosens_mittelbach_samarain_94,
  author = 	 {Michel Goosens and Frank Mittelbach and Alexander Samarin},
  title = 	 {The \LaTeX{} Companion},
  publisher = 	 {Addison-Wesley},
  year = 	 1994,
  edition =	 2
}
